<collection xmlns="http://www.loc.gov/MARC21/slim">
<record>
  <leader>01598nam0a22003371i 450 </leader>
  <controlfield tag="001">IT\ICCU\CNCE\037762</controlfield>
  <controlfield tag="005">19990428000000.0</controlfield>
  <datafield tag="012" ind1=" " ind2=" ">
    <subfield code="a">o-di .ae- doo. note (3) 1556 (R)</subfield>
    <subfield code="2">fei</subfield>
  </datafield>
  <datafield tag="100" ind1=" " ind2=" ">
    <subfield code="a">19981021d1556        0itac0103    ba</subfield>
  </datafield>
  <datafield tag="101" ind1=" " ind2=" ">
    <subfield code="a">ITA</subfield>
  </datafield>
  <datafield tag="102" ind1=" " ind2=" ">
    <subfield code="a">IT</subfield>
  </datafield>
  <datafield tag="200" ind1="1" ind2=" ">
    <subfield code="a">℗\Le ℗uite de dodici Cesari di Gaio Suetonio Tranquillo!</subfield>
  </datafield>
  <datafield tag="210" ind1=" " ind2=" ">
    <subfield code="a">In Vinegia</subfield>
    <subfield code="c">per Domenico de&apos; Farri</subfield>
    <subfield code="d">ad instantia di Pietro Boselli</subfield>
    <subfield code="d">1556</subfield>
  </datafield>
  <datafield tag="215" ind1=" " ind2=" ">
    <subfield code="a">\19!, 267 c.</subfield>
    <subfield code="d">8ʻ</subfield>
  </datafield>
  <datafield tag="620" ind1=" " ind2=" ">
    <subfield code="a">IT</subfield>
    <subfield code="d">Venezia</subfield>
  </datafield>
  <datafield tag="700" ind1=" " ind2="1">
    <subfield code="a">Suetonius Tranquillus,</subfield>
    <subfield code="b">Gaius</subfield>
    <subfield code="3">IT\ICCU\CNCA\006776</subfield>
  </datafield>
  <datafield tag="712" ind1="0" ind2="0">
    <subfield code="a">Farri, Domenico</subfield>
    <subfield code="3">IT\ICCU\CNCT\000035</subfield>
    <subfield code="4">650</subfield>
  </datafield>
  <datafield tag="712" ind1="0" ind2="0">
    <subfield code="a">Boselli, Pietro</subfield>
    <subfield code="3">IT\ICCU\CNCT\001107</subfield>
    <subfield code="4">650</subfield>
  </datafield>
  <datafield tag="790" ind1=" " ind2="1">
    <subfield code="a">Svetonius Tranquillus,</subfield>
    <subfield code="b">Gaius</subfield>
    <subfield code="3">IT\ICCU\CNCA\014945</subfield>
    <subfield code="z">Suetonius Tranquillus, Gaius</subfield>
  </datafield>
  <datafield tag="791" ind1="0" ind2="0">
    <subfield code="a">Farris, Dominicus de</subfield>
    <subfield code="3">IT\ICCU\CNCT\005455</subfield>
    <subfield code="z">Farri, Domenico</subfield>
  </datafield>
  <datafield tag="791" ind1="0" ind2="0">
    <subfield code="a">Farreus, Dominicus</subfield>
    <subfield code="3">IT\ICCU\CNCT\005459</subfield>
    <subfield code="z">Farri, Domenico</subfield>
  </datafield>
  <datafield tag="791" ind1="0" ind2="0">
    <subfield code="a">Farris, Domingo</subfield>
    <subfield code="3">IT\ICCU\CNCT\005462</subfield>
    <subfield code="z">Farri, Domenico</subfield>
  </datafield>
  <datafield tag="791" ind1="0" ind2="0">
    <subfield code="a">Bosellus, Petrus</subfield>
    <subfield code="3">IT\ICCU\CNCT\004768</subfield>
    <subfield code="z">Boselli, Pietro</subfield>
  </datafield>
  <datafield tag="791" ind1="0" ind2="0">
    <subfield code="a">Bosello, Pietro</subfield>
    <subfield code="3">IT\ICCU\CNCT\006335</subfield>
    <subfield code="z">Boselli, Pietro</subfield>
  </datafield>
  <datafield tag="801" ind1=" " ind2="3">
    <subfield code="a">IT</subfield>
    <subfield code="b">ICCU</subfield>
    <subfield code="c">20201114</subfield>
  </datafield>
  <datafield tag="899" ind1=" " ind2=" ">
    <subfield code="a">Biblioteca dannunziana. Gardone Riviera</subfield>
    <subfield code="1">BS0310</subfield>
    <subfield code="2">LO1 25</subfield>
  </datafield>
  <datafield tag="899" ind1=" " ind2=" ">
    <subfield code="a">Biblioteca civica. Savigliano</subfield>
    <subfield code="1">CN0103</subfield>
    <subfield code="2">TO0 60</subfield>
  </datafield>
  <datafield tag="899" ind1=" " ind2=" ">
    <subfield code="a">Biblioteca di Stato e Beni Librari. Repubblica di San Marino</subfield>
    <subfield code="z">MUTILO</subfield>
    <subfield code="1">EX0030</subfield>
    <subfield code="2">RAV BS</subfield>
  </datafield>
  <datafield tag="899" ind1=" " ind2=" ">
    <subfield code="a">Biblioteca civica centrale. Monza</subfield>
    <subfield code="1">MI0377</subfield>
    <subfield code="2">LO1 97</subfield>
  </datafield>
  <datafield tag="899" ind1=" " ind2=" ">
    <subfield code="a">Biblioteca della Fondazione Ranieri di Sorbello. Perugia</subfield>
    <subfield code="1">PG0147</subfield>
    <subfield code="2">UM1 88</subfield>
  </datafield>
  <datafield tag="899" ind1=" " ind2=" ">
    <subfield code="a">Biblioteca comunale Forteguerriana. Pistoia</subfield>
    <subfield code="1">PT0025</subfield>
    <subfield code="2">RT1 IE</subfield>
  </datafield>
</record>
</collection>
